@article{santarpia2020aerosol,
  title={Aerosol and surface contamination of SARS-CoV-2 observed in quarantine and isolation care},
  author={Santarpia, Joshua L and Rivera, Danielle N and Herrera, Vicki L and Morwitzer, M Jane and Creager, Hannah M and Santarpia, George W and Crown, Kevin K and Brett-Major, David M and Schnaubelt, Elizabeth R and Broadhurst, M Jana and others},
  journal={Scientific reports},
  volume={10},
  number={1},
  pages={1--8},
  year={2020},
  publisher={Nature Publishing Group}
}

@article{wang2020accurate,
  title={Accurate measurement of handwash quality using sensor armbands: Instrument validation study},
  author={Wang, Chaofan and Sarsenbayeva, Zhanna and Chen, Xiuge and Dingler, Tilman and Goncalves, Jorge and Kostakos, Vassilis and others},
  journal={JMIR mHealth and uHealth},
  volume={8},
  number={3},
  pages={e17001},
  year={2020},
  publisher={JMIR Publications Inc., Toronto, Canada}
}

@article{zhang2013human,
  title={Human daily activity recognition with sparse representation using wearable sensors},
  author={Zhang, Mi and Sawchuk, Alexander A},
  journal={IEEE journal of Biomedical and Health Informatics},
  volume={17},
  number={3},
  pages={553--560},
  year={2013},
  publisher={IEEE}
}

@inproceedings{sztyler2016body,
  title={On-body localization of wearable devices: An investigation of position-aware activity recognition},
  author={Sztyler, Timo and Stuckenschmidt, Heiner},
  booktitle={2016 IEEE International Conference on Pervasive Computing and Communications (PerCom)},
  pages={1--9},
  year={2016},
  organization={IEEE}
}

@article{sztyler2017position,
  title={Position-aware activity recognition with wearable devices},
  author={Sztyler, Timo and Stuckenschmidt, Heiner and Petrich, Wolfgang},
  journal={Pervasive and mobile computing},
  volume={38},
  pages={281--295},
  year={2017},
  publisher={Elsevier}
}

@inproceedings{bhat2018online,
  title={Online human activity recognition using low-power wearable devices},
  author={Bhat, Ganapati and Deb, Ranadeep and Chaurasia, Vatika Vardhan and Shill, Holly and Ogras, Umit Y},
  booktitle={2018 IEEE/ACM International Conference on Computer-Aided Design (ICCAD)},
  pages={1--8},
  year={2018},
  organization={IEEE}
}

@article{koping2018general,
  title={A general framework for sensor-based human activity recognition},
  author={K{\"o}ping, Lukas and Shirahama, Kimiaki and Grzegorzek, Marcin},
  journal={Computers in biology and medicine},
  volume={95},
  pages={248--260},
  year={2018},
  publisher={Elsevier}
}

@article{lattanzi2022exploring,
  title={Exploring Artificial Neural Networks Efficiency in Tiny Wearable Devices for Human Activity Recognition},
  author={Lattanzi, Emanuele and Donati, Matteo and Freschi, Valerio},
  journal={Sensors},
  volume={22},
  number={7},
  pages={2637},
  year={2022},
  publisher={MDPI}
}

@inproceedings{cheng2010active,
  title={Active capacitive sensing: Exploring a new wearable sensing modality for activity recognition},
  author={Cheng, Jingyuan and Amft, Oliver and Lukowicz, Paul},
  booktitle={International conference on pervasive computing},
  pages={319--336},
  year={2010},
  organization={Springer}
}

@incollection{singh2017convolutional,
  title={Convolutional and recurrent neural networks for activity recognition in smart environment},
  author={Singh, Deepika and Merdivan, Erinc and Hanke, Sten and Kropf, Johannes and Geist, Matthieu and Holzinger, Andreas},
  booktitle={Towards integrative machine learning and knowledge extraction},
  pages={194--205},
  year={2017},
  publisher={Springer}
}

@article{hassan2018robust,
  title={A robust human activity recognition system using smartphone sensors and deep learning},
  author={Hassan, Mohammed Mehedi and Uddin, Md Zia and Mohamed, Amr and Almogren, Ahmad},
  journal={Future Generation Computer Systems},
  volume={81},
  pages={307--313},
  year={2018},
  publisher={Elsevier}
}

@inproceedings{hou2020study,
  title={A study on IMU-based human activity recognition using deep learning and traditional machine learning},
  author={Hou, Chengli},
  booktitle={2020 5th International Conference on Computer and Communication Systems (ICCCS)},
  pages={225--234},
  year={2020},
  organization={IEEE}
}

@article{muller2021ten,
  title={The ten commandments of ethical medical AI},
  author={Muller, Heimo and Mayrhofer, Michaela Theresia and Van Veen, Evert-Ben and Holzinger, Andreas},
  journal={Computer},
  volume={54},
  number={07},
  pages={119--123},
  year={2021},
  publisher={IEEE Computer Society}
}

@article{zhong2020multi,
  title={Multi-view hand-hygiene recognition for food safety},
  author={Zhong, Chengzhang and Reibman, Amy R and Mina, Hansel A and Deering, Amanda J},
  journal={Journal of Imaging},
  volume={6},
  number={11},
  pages={120},
  year={2020},
  publisher={MDPI}
}

@inproceedings{yue2021intelligent,
  title={An intelligent hand-washing monitoring platform based on gesture recognition technology},
  author={Yue, Zhentian and Wang, Fuyong and Liu, Zhongxin},
  booktitle={2021 China Automation Congress (CAC)},
  pages={940--944},
  year={2021},
  organization={IEEE}
}

@inproceedings{galluzzi2015hand,
  title={Hand hygiene duration and technique recognition using wrist-worn sensors},
  author={Galluzzi, Valerie and Herman, Ted and Polgreen, Philip},
  booktitle={Proceedings of the 14th International Conference on Information Processing in Sensor Networks},
  pages={106--117},
  year={2015}
}

@inproceedings{bal2017system,
  title={A system for monitoring hand hygiene compliance based-on Internet-of-Things},
  author={Bal, Mert and Abrishambaf, Reza},
  booktitle={2017 IEEE International Conference on Industrial Technology (ICIT)},
  pages={1348--1353},
  year={2017},
  organization={IEEE}
}

@inproceedings{li2018wristwash,
  title={Wristwash: towards automatic handwashing assessment using a wrist-worn device},
  author={Li, Hong and Chawla, Shishir and Li, Richard and Jain, Sumeet and Abowd, Gregory D and Starner, Thad and Zhang, Cheng and Pl{\"o}tz, Thomas},
  booktitle={Proceedings of the 2018 ACM international symposium on wearable computers},
  pages={132--139},
  year={2018}
}

@article{jain2018gender,
  title={Gender classification in smartphones using gait information},
  author={Jain, Ankita and Kanhangad, Vivek},
  journal={Expert Systems with Applications},
  volume={93},
  pages={257--266},
  year={2018},
  publisher={Elsevier}
}

@article{van2019systematic,
  title={A systematic comparison of age and gender prediction on imu sensor-based gait traces},
  author={Van Hamme, Tim and Garofalo, Giuseppe and Argones R{\'u}a, Enrique and Preuveneers, Davy and Joosen, Wouter},
  journal={Sensors},
  volume={19},
  number={13},
  pages={2945},
  year={2019},
  publisher={MDPI}
}

@inproceedings{mondol2015harmony,
  title={Harmony: A hand wash monitoring and reminder system using smart watches},
  author={Mondol, Md Abu Sayeed and Stankovic, John A},
  booktitle={proceedings of the 12th EAI International Conference on Mobile and Ubiquitous Systems: Computing, Networking and Services on 12th EAI International Conference on Mobile and Ubiquitous Systems: Computing, Networking and Services},
  pages={11--20},
  year={2015}
}

@inproceedings{mondol2020hawad,
  title={HAWAD: Hand washing detection using wrist wearable inertial sensors},
  author={Mondol, Md Abu Sayeed and Stankovic, John A},
  booktitle={2020 16th International Conference on Distributed Computing in Sensor Systems (DCOSS)},
  pages={11--18},
  year={2020},
  organization={IEEE}
}

@inproceedings{banerjee2020hand,
  title={Hand hygiene compliance checking system with explainable feedback},
  author={Banerjee, Ayan and Amperyani, Venkata Naga Sai Apurupa and Gupta, Sandeep KS},
  booktitle={Proceedings of the 6th ACM Workshop on Wearable Systems and Applications},
  pages={34--36},
  year={2020}
}

@article{samyoun2021iwash,
  title={iWash: A smartwatch handwashing quality assessment and reminder system with real-time feedback in the context of infectious disease},
  author={Samyoun, Sirat and Shubha, Sudipta Saha and Mondol, Md Abu Sayeed and Stankovic, John A},
  journal={Smart Health},
  volume={19},
  pages={100171},
  year={2021},
  publisher={Elsevier}
}

@article{fagert2022clean,
  title={Clean Vibes: Hand Washing Monitoring Using Structural Vibration Sensing},
  author={Fagert, Jonathon and Bonde, Amelie and Srinidhi, Sruti and Hamilton, Sarah and Zhang, Pei and Noh, Hae Young},
  journal={ACM Transactions on Computing for Healthcare},
  year={2022},
  publisher={ACM New York, NY}
}

@article{lattanzi2022unstructured,
  title={Unstructured Handwashing Recognition using Smartwatch to Reduce Contact Transmission of Pathogens},
  author={Lattanzi, Emanuele and Calisti, Lorenzo and Freschi, Valerio},
  journal={IEEE Access},
  year={2022},
  publisher={IEEE}
}

@inproceedings{leotta2021daily,
  title={Daily living activity recognition using wearable devices: A features-rich dataset and a novel approach},
  author={Leotta, Maurizio and Fasciglione, Andrea and Verri, Alessandro},
  booktitle={International Conference on Pattern Recognition},
  pages={171--187},
  year={2021},
  organization={Springer}
}

@online{shimmer,
  author = {{Shimmer}},
  title = {Shimmer3 IMU unit},
  url = {https://shimmersensing.com/},
  note = {Accessed 20/08/2022}
}

@inproceedings{wang2015imaging,
  title={Imaging time-series to improve classification and imputation},
  author={Wang, Zhiguang and Oates, Tim},
  booktitle={Twenty-Fourth International Joint Conference on Artificial Intelligence},
  year={2015}
}